@INPROCEEDINGS{crick-et-al_wssspe2,
  author =       {Tom Crick and Benjamin A. Hall and Samin Ishtiaq},
  title =        {{``Can I Implement Your Algorithm?'': A Model for Reproducible Research Software}},
  booktitle =    {{Proceedings of 2nd International Workshop on Sustainable Software for Science: Practice and Experiences (WSSSPE2)}},
  year =         {2014}
}

@INPROCEEDINGS{crick-et-al_recomp2014,
  author =       {Tom Crick and Benjamin A. Hall and Samin Ishtiaq and Kenji Takeda},
  title =        {{``Share and Enjoy'': Publishing Useful (and Usable) Scientific Models}},
  booktitle =    {{Proceedings of 1st International Workshop on Recomputability}},
  year =         {2014}
}

@Article{crick-et-al_jors,
  author = 	 {Tom Crick and Benjamin A. Hall and Samin Ishtiaq},
  title = 	 {{Towards ``Reproducibility-as-a-Service''}},
  journal = 	 {{Journal of Open Research Software}},
  year = 	 {2015},
  note = 	 {(invited submission, under review)}
}

@INPROCEEDINGS{crick-et-al_cse2015,
  author =       {Tom Crick and Benjamin A. Hall and Samin Ishtiaq},
  title =        {{Reproducibility as a Technical Specification}},
  booktitle =    {{18th IEEE International Conference on Computational Science and Engineering (CSE 2015)}},
  year =         {2015},
  note =         {(submitted, under review)}
}

